<?xml version="1.0" encoding="UTF-8"?><record xmlns="http://www.loc.gov/MARC21/slim" xmlns:cinclude="http://apache.org/cocoon/include/1.0" xmlns:zs="http://www.loc.gov/zing/srw/">
  <leader>01326cz  a2200253n  4500</leader>
  <controlfield tag="001">n  79074246 </controlfield>
  <controlfield tag="003">DLC</controlfield>
  <controlfield tag="005">20130306140619.0</controlfield>
  <controlfield tag="008">790816n| azannaabn          |n aaa      </controlfield>
  <datafield tag="010" ind1=" " ind2=" ">
    <subfield code="a">n  79074246 </subfield>
  </datafield>
  <datafield tag="035" ind1=" " ind2=" ">
    <subfield code="a">(OCoLC)oca00306978</subfield>
  </datafield>
  <datafield tag="040" ind1=" " ind2=" ">
    <subfield code="a">DLC</subfield>
    <subfield code="b">eng</subfield>
    <subfield code="e">rda</subfield>
    <subfield code="c">DLC</subfield>
    <subfield code="d">DLC</subfield>
    <subfield code="d">OCoLC</subfield>
    <subfield code="d">Uk</subfield>
    <subfield code="d">DLC</subfield>
    <subfield code="d">NcU</subfield>
  </datafield>
  <datafield tag="046" ind1=" " ind2=" ">
    <subfield code="f">19290308</subfield>
    <subfield code="g">20060316</subfield>
  </datafield>
  <datafield tag="053" ind1=" " ind2="0">
    <subfield code="a">PS3545.I52966</subfield>
  </datafield>
  <datafield tag="100" ind1="1" ind2=" ">
    <subfield code="a">Williams, Jonathan,</subfield>
    <subfield code="d">1929-2008</subfield>
  </datafield>
  <datafield tag="370" ind1=" " ind2=" ">
    <subfield code="a">Asheville, N.C.</subfield>
  </datafield>
  <datafield tag="373" ind1=" " ind2=" ">
    <subfield code="a">Jargon Society</subfield>
    <subfield code="2">naf</subfield>
  </datafield>
  <datafield tag="374" ind1=" " ind2=" ">
    <subfield code="a">Poets</subfield>
    <subfield code="a">Essayists</subfield>
    <subfield code="a">Publishers and publishing</subfield>
    <subfield code="a">Photographers</subfield>
    <subfield code="2">lcsh</subfield>
  </datafield>
  <datafield tag="375" ind1=" " ind2=" ">
    <subfield code="a">male</subfield>
  </datafield>
  <datafield tag="378" ind1=" " ind2=" ">
    <subfield code="q">Jonathan Chamberlain</subfield>
  </datafield>
  <datafield tag="670" ind1=" " ind2=" ">
    <subfield code="a">His Four stoppages, 1953.</subfield>
  </datafield>
  <datafield tag="670" ind1=" " ind2=" ">
    <subfield code="a">Ww America, 43rd ed.</subfield>
    <subfield code="b">(Williams, Jonathan Chamberlain; poet, publisher; b. Asheville, NC, 3-8-29)</subfield>
  </datafield>
  <datafield tag="670" ind1=" " ind2=" ">
    <subfield code="a">N. Carolina Writers' Network website, 8 Dec. 2004:</subfield>
    <subfield code="b">Jonathan Williams biog. (born 1929 in Asheville; poet, publisher, designer, essayist, iconographer; identified with the Black Mountain group of poets; founder of Jargon Press in 1951; has also written about his walks on the Appalachian Trail and in England where he spends part of each year; partial listing of works)</subfield>
  </datafield>
  <datafield tag="670" ind1=" " ind2=" ">
    <subfield code="a">Wikipedia WWW site, Mar. 18, 2008</subfield>
    <subfield code="b">(Jonathan Williams; b. Mar. 8, 1929; d. Mar. 16, 2008; American poet, publisher, essayist, and photographer; founder of the Jargon Society)</subfield>
  </datafield>
</record>